@article{ref1,
  author  = {Slides from Sorting Algorithms, DSA lectures},
  year    = {Jun 20 2024},
  journal = {},
  volume  = {},
  number  = {},
  pages   = {},
  doi     = {}
}

@book{ref2,
  author  = {Frank M. Carrano and Timothy Henry},
  title   = {Data Abstraction \& Problem Solving with C++: Walls and Mirrors, Seventh Edition, 2017},
  publisher = {Pearson},
  year    = {Jun 20 2024}
}

@online{ref3,
  author  = {\#19.1. [C++] Thuật Toán Sắp Xếp Chèn | Sắp Xếp Nổi Bọt | Sắp Xếp Chọn | Sắp Xếp Đếm Phân Phối},
  title     = {\href{https://www.youtube.com/watch?v=FllEXZV1Z58&t=2490s}{youtube link}},
  year    = {Jun 22 2024}
}

@online{ref4,
  author  = {Flash Sort thuật toán sắp xếp với độ phức tạp O(n)},
  title   = {},
  title     = {\href{https://www.youtube.com/watch?v=CAaDJJUszvE&t=836s}{youtube link}},
  year    = {Jun 22 2024},
}

@online{ref5,
  author  = {Radix Sort - Data Structures and Algorithms Tutorials - GeeksforGeeks},
  title     = {\href{https://www.geeksforgeeks.org/radix-sort/}{website link}},
  year    = {Jun 22 2024}
}

@online{ref6,
  author  = {Selection Sort},
  title     = {\href{http://www.geeksforgeeks.org/selection-sort}{website link}},
  year    = {Jun 22 2024}
}

@book{ref7,
  author  = {Frank Carrano and Timothy Henry},
  title   = {Data Abstraction \& Problem Solving with C++: Walls and Mirrors, 7th Edition, 2016},
  year    = {Jun 22 2024}
}

@online{ref8,
  author  = {Binary Insertion Sort},
  title   = {\href{http://www.geeksforgeeks.org/binary-insertion-sort}{website link}},
  year    = {Jun 22 2024}
}

@online{ref9,
  author  = {Bubble Sort},
  title   = {\href{http://www.geeksforgeeks.org/bubble-sort}{website link}},
  year    = {Jun 22 2024}
}

@online{ref10,
  author  = {Quick Sort},
  title   = {\href{http://www.geeksforgeeks.org/quick-sort}{website link}},
  year    = {Jun 22 2024}
}

@online{ref11,
  author  = {Tim Sort},
  title   = {\href{http://www.geeksforgeeks.org/timsort}{website link}},
  year    = {Jun 24 2024}
}

@online{ref12,
  author  = {Cocktail Sort},
  title   = {\href{http://www.geeksforgeeks.org/cocktail-sort}{website link}},
  year    = {Jun 24 22024}
}

@online{ref13,
  author  = {Chrono in C++ - GeeksforGeeks},
  title   = {\href{https://geeksforgeeks.org/chrono-in-c/}{website link}},
  year    = {Jun 26 22024}
}